<record xmlns="http://www.loc.gov/MARC21/slim" xmlns:xsi="http://www.w3.org/2001/XMLSchema-instance" xsi:schemaLocation="http://www.loc.gov/MARC21/slim http://www.loc.gov/standards/marcxml/schema/MARC21slim.xsd"><leader>00037nz   2200037n  4500</leader><controlfield tag="001">DNB|119269414</controlfield><controlfield tag="003">DNB</controlfield><controlfield tag="005">20080406023510.0</controlfield><controlfield tag="008">950807n||azznnabbn           | aaa    |c</controlfield><datafield ind1=" " ind2=" " tag="035"><subfield code="a">(DE-101)119269414</subfield></datafield><datafield ind1=" " ind2=" " tag="035"><subfield code="a">(DE-588a)119269414</subfield></datafield><datafield ind1=" " ind2=" " tag="035"><subfield code="z">(DE-588a)102403333</subfield></datafield><datafield ind1=" " ind2=" " tag="035"><subfield code="a">(DE-588c)4383393-7</subfield></datafield><datafield ind1=" " ind2=" " tag="040"><subfield code="a">DE-21</subfield><subfield code="b">ger</subfield><subfield code="c">DE-101</subfield><subfield code="e">rakwb</subfield><subfield code="d">9999</subfield></datafield><datafield ind1=" " ind2=" " tag="043"><subfield code="c">XS</subfield></datafield><datafield ind1=" " ind2="7" tag="049"><subfield code="2">iso639-2</subfield><subfield code="a">grc</subfield></datafield><datafield ind1=" " ind2=" " tag="065"><subfield code="2">sswd</subfield><subfield code="a">12.2p</subfield></datafield><datafield ind1=" " ind2=" " tag="079"><subfield code="a">p</subfield><subfield code="q">s</subfield><subfield code="q">f</subfield><subfield code="q">p</subfield><subfield code="t">12-PAN</subfield></datafield><datafield ind1="0" ind2=" " tag="100"><subfield code="a">Phrynichus</subfield><subfield code="c">Comicus</subfield><subfield code="d">fl.5. Jh. v. Chr.</subfield></datafield><datafield ind1="0" ind2=" " tag="400"><subfield code="w">i</subfield><subfield code="i">rakoeb</subfield><subfield code="a">Phrynichos</subfield><subfield code="c">Komödiendichter</subfield><subfield code="d">fl.5. Jh. v. Chr.</subfield></datafield><datafield ind1="0" ind2=" " tag="400"><subfield code="a">Phrynichos</subfield><subfield code="c">Dichter der Alten Komödie</subfield><subfield code="d">fl.5. Jh. v. Chr.</subfield></datafield><datafield ind1="0" ind2=" " tag="400"><subfield code="a">Phrynichus</subfield><subfield code="c">Atheniensis</subfield><subfield code="d">fl.5. Jh. v. Chr.</subfield></datafield><datafield ind1="0" ind2=" " tag="400"><subfield code="a">Phrynichus</subfield><subfield code="c">Writer of Comedies</subfield><subfield code="d">fl.5. Jh. v. Chr.</subfield></datafield><datafield ind1="0" ind2=" " tag="400"><subfield code="a">Frinico</subfield><subfield code="c">Comico</subfield><subfield code="d">fl.5. Jh. v. Chr.</subfield></datafield><datafield ind1="0" ind2=" " tag="400"><subfield code="a">Frinico</subfield><subfield code="c">Poeta della Commedia Antica</subfield><subfield code="d">fl.5. Jh. v. Chr.</subfield></datafield><datafield ind1="0" ind2=" " tag="400"><subfield code="a">Phrynichos</subfield><subfield code="c">von Athen</subfield><subfield code="d">fl.5. Jh. v. Chr.</subfield></datafield><datafield ind1="0" ind2=" " tag="400"><subfield code="a">Phrynicos</subfield><subfield code="c">Auteur Attique</subfield><subfield code="d">fl.5. Jh. v. Chr.</subfield></datafield><datafield ind1=" " ind2=" " tag="549"><subfield code="w">i</subfield><subfield code="i">Zeit</subfield><subfield code="a">5. Jh. v. Chr.</subfield></datafield><datafield ind1=" " ind2=" " tag="549"><subfield code="w">i</subfield><subfield code="i">UDK-Zeitcode</subfield><subfield code="a">v04</subfield></datafield><datafield ind1=" " ind2=" " tag="667"><subfield code="a">TITAN</subfield></datafield><datafield ind1=" " ind2=" " tag="670"><subfield code="a">PAN; Thes. ling. Graec.; Lex. alte Welt</subfield></datafield><datafield ind1=" " ind2=" " tag="678"><subfield code="a">Griech. Komödiendichter Athens</subfield></datafield><datafield ind1=" " ind2=" " tag="922"><subfield code="a">gr</subfield><subfield code="9">1</subfield></datafield><datafield ind1=" " ind2=" " tag="996"><subfield code="2">BNF|12869857</subfield></datafield><datafield ind1=" " ind2=" " tag="996"><subfield code="2">LC|n  86082862</subfield></datafield><datafield ind1=" " ind2=" " tag="996"><subfield code="2">NLA|000035421936</subfield></datafield><datafield ind1=" " ind2=" " tag="996"><subfield code="2">LC|n  88059634</subfield></datafield><datafield ind1=" " ind2=" " tag="997"><subfield code="a">-400 0 flourished 0 0</subfield><subfield code="9">1</subfield></datafield></record>